@article{herbst2021abstracting,
  title={Abstracting time in memory},
  author={Herbst, Sophie and Mangione, Izem and Kononowicz, Tadeusz and van Wassenhove, Virginie},
  year={2021},
  publisher={PsyArXiv}
}


% Internship presentation

% BIDS
@article{gorgolewski2016brain,
  title={The brain imaging data structure, a format for organizing and describing outputs of neuroimaging experiments},
  author={Gorgolewski, Krzysztof J and Auer, Tibor and Calhoun, Vince D and Craddock, R Cameron and Das, Samir and Duff, Eugene P and Flandin, Guillaume and Ghosh, Satrajit S and Glatard, Tristan and Halchenko, Yaroslav O and others},
  journal={Scientific data},
  volume={3},
  number={1},
  pages={1--9},
  year={2016},
  publisher={Nature Publishing Group}
}

@article{polti2018effect,
  title={The effect of attention and working memory on the estimation of elapsed time},
  author={Polti, Ignacio and Martin, Benoit and van Wassenhove, Virginie},
  journal={Scientific reports},
  volume={8},
  number={1},
  pages={1--11},
  year={2018},
  publisher={Nature Publishing Group}
}

@article{teki2014working,
  title={Working memory for time intervals in auditory rhythmic sequences},
  author={Teki, Sundeep and Griffiths, Timothy D},
  journal={Frontiers in psychology},
  volume={5},
  pages={1329},
  year={2014},
  publisher={Frontiers}
}

@article{gauthier2020hippocampal,
  title={Hippocampal contribution to ordinal psychological time in the human brain},
  author={Gauthier, Baptiste and Prabhu, Pooja and Kotegar, Karunakar A and van Wassenhove, Virginie},
  journal={Journal of Cognitive Neuroscience},
  volume={32},
  number={11},
  pages={2071--2086},
  year={2020},
  publisher={MIT Press One Rogers Street, Cambridge, MA 02142-1209, USA journals-info~â€¦}
}


% recommandation best practices MEEG study
@article{jas2018reproducible,
  title={A reproducible MEG/EEG group study with the MNE software: recommendations, quality assessments, and good practices},
  author={Jas, Mainak and Larson, Eric and Engemann, Denis A and Lepp{\"a}kangas, Jaakko and Taulu, Samu and H{\"a}m{\"a}l{\"a}inen, Matti and Gramfort, Alexandre},
  journal={Frontiers in neuroscience},
  volume={12},
  pages={530},
  year={2018},
  publisher={Frontiers}
}

@article{pernet2018best,
  title={Best practices in data analysis and sharing in neuroimaging using MEEG},
  author={Pernet, Cyril and Garrido, Marta and Gramfort, Alexandre and Maurits, Natasha and Michel, Christoph and Pang, Elizabeth and Salmelin, Riitta and Schoffelen, Jan Mathijs and Valdes-Sosa, Pedro A and Puce, Aina},
  year={2018},
  publisher={OSF Preprints}
}


% Localizer Study
@article{zilber2014supramodal,
  title={Supramodal processing optimizes visual perceptual learning and plasticity},
  author={Zilber, Nicolas and Ciuciu, Philippe and Gramfort, Alexandre and Azizi, Leila and Van Wassenhove, Virginie},
  journal={Neuroimage},
  volume={93},
  pages={32--46},
  year={2014},
  publisher={Elsevier}
}

%Clock time ?
@article{van2021clock,
  title={Clock time: a foreign measure to brain dynamics},
  author={van Bree, Sander and Melc{\'o}n, Mar{\'\i}a and Kolibius, Luca and K{\'e}rren, Casper and Wimber, Maria and Hanslmayr, Simon},
  year={2021}
}

% https://mne.tools/dev/overview/cookbook.html
% MNE
@article{GramfortEtAl2013a,
  title = {{{MEG}} and {{EEG}} Data Analysis with {{MNE}}-{{Python}}},
  author = {Gramfort, Alexandre and Luessi, Martin and Larson, Eric and Engemann, Denis A. and Strohmeier, Daniel and Brodbeck, Christian and Goj, Roman and Jas, Mainak and Brooks, Teon and Parkkonen, Lauri and H{\"a}m{\"a}l{\"a}inen, Matti S.},
  year = {2013},
  volume = {7},
  pages = {1--13},
  doi = {10.3389/fnins.2013.00267},
  journal = {Frontiers in Neuroscience},
  number = {267}
}


% permutation test
@article{maris2007nonparametric,
  title={Nonparametric statistical testing of EEG-and MEG-data},
  author={Maris, Eric and Oostenveld, Robert},
  journal={Journal of neuroscience methods},
  volume={164},
  number={1},
  pages={177--190},
  year={2007},
  publisher={Elsevier}
}

% section 5.5.2.2
@phdthesis{gramfort2009mapping,
  title={Mapping, timing and tracking cortical activations with MEG and EEG: Methods and application to human vision},
  author={Gramfort, Alexandre},
  year={2009},
  school={Ecole nationale sup{\'e}rieure des telecommunications-ENST}
}


% Interpretation of the source results

% alpha in auditory WM
@article{obleser2012adverse,
  title={Adverse listening conditions and memory load drive a common alpha oscillatory network},
  author={Obleser, Jonas and W{\"o}stmann, Malte and Hellbernd, Nele and Wilsch, Anna and Maess, Burkhard},
  journal={Journal of Neuroscience},
  volume={32},
  number={36},
  pages={12376--12383},
  year={2012},
  publisher={Soc Neuroscience}
}


% insula in timing
@article{wittmann2009inner,
  title={The inner experience of time},
  author={Wittmann, Marc},
  journal={Philosophical Transactions of the Royal Society B: Biological Sciences},
  volume={364},
  number={1525},
  pages={1955--1967},
  year={2009},
  publisher={The Royal Society London}
}

% beta and timing
@article{kononowicz2015single,
  title={Single trial beta oscillations index time estimation},
  author={Kononowicz, Tadeusz W and van Rijn, Hedderik},
  journal={Neuropsychologia},
  volume={75},
  pages={381--389},
  year={2015},
  publisher={Elsevier}
}

% Alpha and beta in working memory
@article{miller2018working,
  title={Working Memory 2.0},
  author={Miller, Earl K and Lundqvist, Mikael and Bastos, Andr{\'e} M},
  journal={Neuron},
  volume={100},
  number={2},
  pages={463--475},
  year={2018},
  publisher={Elsevier}
}


% MNE-BIDS
@article{appelhoff2019mne,
  title={MNE-BIDS: Organizing electrophysiological data into the BIDS format and facilitating their analysis},
  author={Appelhoff, Stefan and Sanderson, Matthew and Brooks, Teon L and van Vliet, Marijn and Quentin, Romain and Holdgraf, Chris and Chaumon, Maximilien and Mikulan, Ezequiel and Tavabi, Kambiz and H{\"o}chenberger, Richard and others},
  journal={The Journal of Open Source Software},
  volume={4},
  number={44},
  year={2019}
}



@article{roux2014working,
  title={Working memory and neural oscillations: alpha--gamma versus theta--gamma codes for distinct WM information?},
  author={Roux, Fr{\'e}d{\'e}ric and Uhlhaas, Peter J},
  journal={Trends in cognitive sciences},
  volume={18},
  number={1},
  pages={16--25},
  year={2014},
  publisher={Elsevier}
}